<?xml version="1.0" encoding="UTF-8"?><collection xmlns="http://www.loc.gov/MARC21/slim"><record><leader>00540nam--2200181-i-4500</leader><controlfield tag="001">000032862</controlfield><controlfield tag="002">20161230</controlfield><controlfield tag="005">20161230201039</controlfield><controlfield tag="008">060222s1000------------r-----000-0-fre-d</controlfield><datafield ind1=" " ind2=" " tag="040"><subfield code="a">IFIN-HH</subfield></datafield><datafield ind1=" " ind2=" " tag="041"><subfield code="a">fre</subfield></datafield><datafield ind1=" " ind2=" " tag="080"><subfield code="a">621.375.9(043):537.226.86(043)</subfield></datafield><datafield ind1="1" ind2=" " tag="100"><subfield code="a">Marianneau, Gilles</subfield></datafield><datafield ind1="1" ind2="0" tag="245"><subfield code="a">Stabilite a court terme et purete spectrale des oscillateurs a quartz</subfield><subfield code="b">These</subfield><subfield code="c">Gilles marianneau</subfield></datafield><datafield ind1=" " ind2=" " tag="260"><subfield code="a">Besancon</subfield><subfield code="b">Universite De Besancon</subfield><subfield code="c">1972</subfield></datafield><datafield ind1=" " ind2=" " tag="300"><subfield code="a">50P. + 27FIG</subfield></datafield><datafield ind1=" " ind2=" " tag="852"><subfield code="a">40299</subfield><subfield code="c">537.226</subfield></datafield><datafield ind1=" " ind2=" " tag="CAT"><subfield code="a">Sys</subfield><subfield code="c">20110706</subfield><subfield code="h">134023</subfield></datafield></record></collection>